<?xml version="1.0" encoding="UTF-8"?><collection xmlns="http://www.loc.gov/MARC21/slim"><record><leader>00354nam--2200145-i-4500</leader><controlfield tag="001">000023292</controlfield><controlfield tag="002">20161230</controlfield><controlfield tag="005">20161230201035</controlfield><controlfield tag="008">060222s1000------------r-----000-0-eng-d</controlfield><datafield ind1=" " ind2=" " tag="080"><subfield code="a">547.25</subfield></datafield><datafield ind1=" " ind2=" " tag="100"><subfield code="a">Grimes,Russell N</subfield></datafield><datafield ind1=" " ind2=" " tag="245"><subfield code="a">Carboranes</subfield></datafield><datafield ind1=" " ind2=" " tag="260"><subfield code="a">New York, Academic Press, 1970. Xiv + 272p</subfield></datafield><datafield ind1=" " ind2=" " tag="490"><subfield code="a">Organometallic Chemistry</subfield></datafield><datafield ind1=" " ind2=" " tag="852"><subfield code="a">38454</subfield></datafield></record></collection>